@article{li2013aligning,
  title={Aligning sequence reads, clone sequences and assembly contigs with {BWA-MEM}},
  author={Li, Heng},
  journal={arXiv preprint arXiv:1303.3997},
  year={2013}
}

@article{li2018minimap2,
  title={Minimap2: pairwise alignment for nucleotide sequences},
  author={Li, Heng},
  journal={Bioinformatics},
  volume={34},
  number={18},
  pages={3094--3100},
  year={2018},
  publisher={Oxford University Press}
}

@article{dobin2013star,
  title={{STAR}: ultrafast universal {RNA-seq} aligner},
  author={Dobin, Alexander and Davis, Carrie A and Schlesinger, Felix and Drenkow, Jorg and Zaleski, Chris and Jha, Sonali and Batut, Philippe and Chaisson, Mark and Gingeras, Thomas R},
  journal={Bioinformatics},
  volume={29},
  number={1},
  pages={15--21},
  year={2013},
  publisher={Oxford University Press}
}

@article{harris2020array,
  title={Array programming with {NumPy}},
  author={Harris, Charles R and Millman, K Jarrod and Van Der Walt, St{\'e}fan J and Gommers, Ralf and Virtanen, Pauli and Cournapeau, David and Wieser, Eric and Taylor, Julian and Berg, Sebastian and Smith, Nathaniel J and others},
  journal={Nature},
  volume={585},
  number={7825},
  pages={357--362},
  year={2020},
  publisher={Nature Publishing Group}
}

@article{wang2014genetic,
  title={Genetic screens in human cells using the {CRISPR-Cas9} system},
  author={Wang, Tim and Wei, Jenny J and Sabatini, David M and Lander, Eric S},
  journal={Science},
  volume={343},
  number={6166},
  pages={80--84},
  year={2014},
  publisher={American Association for the Advancement of Science}
}

@article{clement2019crispresso2,
  title={{CRISPResso2} provides accurate and rapid genome editing sequence analysis},
  author={Clement, Kendell and Rees, Holly and Canver, Matthew C and Gehrke, Jason M and Farouni, Rick and Hsu, Jonathan Y and Cole, Mitchel A and Liu, David R and Joung, J Keith and Bauer, Daniel E and others},
  journal={Nature biotechnology},
  volume={37},
  number={3},
  pages={224--226},
  year={2019},
  publisher={Nature Publishing Group}
}

@article{hart2015high,
  title={High-resolution {CRISPR} screens reveal fitness genes and genotype-specific cancer liabilities},
  author={Hart, Traver and Chandrashekhar, Megha and Aregger, Michael and Steinhart, Zachary and Brown, Kevin R and MacLeod, Graham and Mis, Monika and Zimmermann, Michal and Fradet-Turcotte, Amelie and Sun, Song and others},
  journal={Cell},
  volume={163},
  number={6},
  pages={1515--1526},
  year={2015},
  publisher={Elsevier}
}

@article{langmead2012fast,
  title={Fast gapped-read alignment with {Bowtie 2}},
  author={Langmead, Ben and Salzberg, Steven L},
  journal={Nature methods},
  volume={9},
  number={4},
  pages={357--359},
  year={2012},
  publisher={Nature Publishing Group}
}

@article{sanjana2014improved,
  title={Improved vectors and genome-wide libraries for {CRISPR} screening},
  author={Sanjana, Neville E and Shalem, Ophir and Zhang, Feng},
  journal={Nature methods},
  volume={11},
  number={8},
  pages={783--784},
  year={2014},
  publisher={Nature Publishing Group}
}

@article{zheng2017massively,
  title={Massively parallel digital transcriptional profiling of single cells},
  author={Zheng, Grace XY and Terry, Jessica M and Belgrader, Phillip and Ryvkin, Paul and Bent, Zachary W and Wilson, Ryan and Ziraldo, Solongo B and Wheeler, Tobias D and McDermott, Geoff P and Zhu, Junjie and others},
  journal={Nature communications},
  volume={8},
  number={1},
  pages={1--12},
  year={2017},
  publisher={Nature Publishing Group}
} 